<?xml version="1.0" encoding="UTF-8"?><collection xmlns="http://www.loc.gov/MARC21/slim"><record><leader>00433nam--2200145-i-4500</leader><controlfield tag="001">000045430</controlfield><controlfield tag="002">20161230</controlfield><controlfield tag="005">20161230201045</controlfield><controlfield tag="008">060222s1000------------r-----000-0-eng-d</controlfield><datafield ind1=" " ind2=" " tag="080"><subfield code="a">577.355</subfield></datafield><datafield ind1=" " ind2=" " tag="245"><subfield code="a">Photosynthesis i.photosynthetic electron transport and photophoshorylation</subfield></datafield><datafield ind1=" " ind2=" " tag="260"><subfield code="a">Berlin, Springer-verlag, 1977, Xxi+713p</subfield></datafield><datafield ind1=" " ind2=" " tag="490"><subfield code="a">Encyclopedia Of Plant Physiology New Series</subfield></datafield><datafield ind1=" " ind2=" " tag="700"><subfield code="a">Trepst,A./S.A.</subfield></datafield><datafield ind1=" " ind2=" " tag="852"><subfield code="a">77540</subfield></datafield></record></collection>